@techreport{pilco,
author={M. P. Deisenroth and C. E. Rasmussen},
title={PILCO: A Model-based and Data-Efficient Approach to Policy Search},
url={http://www.icml-2011.org/papers/323_icmlpaper.pdf.},
year = {2011},
institution={Univercity of Cambridge}
}